 
@online{knuthwebsite,
	author        = "Donald Knuth",
	title         = "Knuth: Computers and Typesetting",
 	year          = "2019",
	url           = "http://www-cs-faculty.stanford.edu/~uno/abcde.html"
}
@online{maven,
	author        = "java.developpez.com",
	title         = "FAQ Maven",
 	year          = "2019",
	url           = "https://java.developpez.com/faq/maven/?page=Terminologie-et-documentation#Qu-est-ce-que-Maven"
}


@online{cloud2019,
	author        = "Epsi",
	title         = "PALMARÈS 2019 DES FOURNISSEURS DU CLOUD",
	year          = "2019",
	url           = "http://www.epsi.fr/fournisseurs-cloud-2019/"}
}

@online{MicroServices,
	author        = "optisolbusiness",
	title         = "MicroServices Architecture – Spring Boot And Netflix Infrastructure
	",
 	year          = "2019",
	url           = "https://www.optisolbusiness.com/insight/micro-services-architecture-spring-boot-and-netflix-infrastructure"
}
 

@online{UML,
	author        =  "MG",
	title         = "Unified Modeling Language.",
	url           = "www.uml.org"
}
@online{mvc,
	author        =  "irif",
	title         = "Architecture Modèle/Vue/Contrôleur",
		year          = "2019",
	url           ="https://www.irif.fr/~carton/Enseignement/InterfacesGraphiques/MasterInfo/Cours/Swing/mvc.html"
}

@online{Geelan,
	author        =  "Geelan",
	title         = "Twenty One Experts Define Cloud Computing",
	year          = "2019",
		JOURNAL = "Electronic Magazine",
	url           ="http://virtualization.sys-con.com/node/612375"
}
 Mell, P. and Grance, T.  The NIST Definition of Cloud Computing , September 2011. 


@ARTICLE{Mell,
	AUTHOR = "Mell",
	TITLE = "The NIST Definition of Cloud Computing",
	JOURNAL = "Ried",
	YEAR = "2011",
  }
@ARTICLE{Ried,
	AUTHOR = "Ried, S., Kisker, H., Matzke, P., Bartels, A.  and Lisserman",
	TITLE = "Algorithmic Graph Theory and Perfect Graphs",
	JOURNAL = "Ried",
	YEAR = "2011",
	url="http://www.forrester.com/rb/Research/sizing_cloud/q/id/58161/t/2."
 
}


 
@BOOK{Wang2008,
	AUTHOR = "Wang, L., Tao, J., Kunze, M., Castellanos, A., C. Kramer, D.  and  Karl,",
	TITLE = "Scientific cloud computing",
	PUBLISHER ="the 10th IEEE Int. Conf on High Performance computing  and Communications",
	YEAR = "2008",
	edition = "2nd Edition",
	page="825-830",
	    address   = "Washington, DC, USA"
	
}
@BOOK{Wang2011,
	AUTHOR = "Wang, L., Tao, J., Kunze, M., Castellanos, A., C. Kramer, D.  and  Karl,",
	TITLE = "Scientific cloud computing",
	PUBLISHER ="the 10th IEEE Int. Conf on High Performance computing  and Communications",
	YEAR = "2008",
	edition = "2nd Edition",
	page="825-830",
	address   = "Washington, DC, USA"
	
}
 


